<?xml version="1.0" encoding="UTF-8"?><collection xmlns="http://www.loc.gov/MARC21/slim"><record><leader>00494nam--2200193-u-4500</leader><controlfield tag="001">000052807</controlfield><controlfield tag="002">20161230</controlfield><controlfield tag="005">20161230201050</controlfield><controlfield tag="008">101105s1000------------r-----000-0-eng-d</controlfield><datafield ind1=" " ind2=" " tag="020"><subfield code="a">0442063423</subfield></datafield><datafield ind1=" " ind2=" " tag="040"><subfield code="a">IFIN-HH</subfield></datafield><datafield ind1=" " ind2=" " tag="080"><subfield code="a">535</subfield></datafield><datafield ind1="1" ind2=" " tag="100"><subfield code="a">Perina, Jan</subfield></datafield><datafield ind1="1" ind2="0" tag="245"><subfield code="a">Coherence of light</subfield><subfield code="c">Jan perina</subfield></datafield><datafield ind1=" " ind2=" " tag="260"><subfield code="a">London</subfield><subfield code="b">Van Nostrand Reinhold Company</subfield><subfield code="c">1971</subfield></datafield><datafield ind1=" " ind2=" " tag="300"><subfield code="a">315P</subfield></datafield><datafield ind1=" " ind2=" " tag="490"><subfield code="a">The Modern University Physics Series</subfield></datafield><datafield ind1=" " ind2=" " tag="852"><subfield code="a">42580</subfield><subfield code="c">535</subfield></datafield><datafield ind1=" " ind2=" " tag="CAT"><subfield code="a">Sys</subfield><subfield code="c">20101105</subfield><subfield code="h">111007</subfield></datafield></record></collection>